% This file was created with JabRef 2.7b.
% Encoding: Cp1252

@ARTICLE{AlzaidOmair2010,
  author = {A. Alzaid and M. A. Omair},
  title = {On the {P}oisson difference distribution inference and applications},
  journal = {Bulletin of the Malaysian Mathematical Science Society},
  year = {2010},
  volume = {33},
  pages = {17-45},
  owner = {istvan},
  timestamp = {2014.06.13}
}

@ARTICLE{AncaraniGasaneo2009,
  author = {L.~U. Ancarani and G. Gasaneo},
  title = {Derivatives of any order of the {G}aussian hypergeometric function
	$_{2} F_{1}(a, b, c; z)$ with respect to the parameters $a$, $b$
	and $c$},
  journal = {Journal of Physics A: Mathematical and Theoretical},
  year = {2009},
  volume = {42},
  owner = {iba220},
  timestamp = {2014.03.14}
}

@ARTICLE{AitSahaliaJacodLi2012,
  author = {Y. A{\"i}t-Sahalia and J. Jacod and J. Li},
  title = {Testing for jumps in noisy high frequency data},
  journal = {Journal of Econometrics},
  year = {2012},
  volume = {168},
  pages = {207-222},
  owner = {istvan},
  timestamp = {2015.01.30}
}

@ARTICLE{AitSahaliaMyklandZhang2011,
  author = {Y. A{\"i}t-Sahalia and P. A. Mykland and Lan Zhang},
  title = {Ultra high frequency volatility estimation with dependent microstructure
	noise},
  journal = {Journal of Econometrics},
  year = {2011},
  volume = {160},
  pages = {160-175},
  owner = {istvan},
  timestamp = {2015.01.30}
}

@UNPUBLISHED{HFRisk2013,
  author = {Denisa Banulescu and Gilbert Colletaz and Christophe Hurlin and Sessi
	Tokpavi},
  title = {High-{F}requency {R}isk {M}easures},
  year = {2013},
  owner = {istvan},
  timestamp = {2014.09.01}
}

@ARTICLE{BNHansenLundeShephard2008,
  author = {Ole E. Barndorff-Nielsen and Peter Reinhard Hansen and Asger Lunde
	and Neil Shephard},
  title = {Realized {K}ernels in {P}ractice: {T}rades and {Q}uotes},
  journal = {Econometrics Journal},
  year = {2008},
  volume = {4},
  pages = {1-32},
  owner = {iba220},
  timestamp = {2014.03.14}
}

@UNPUBLISHED{BNPollardShephard2012,
  author = {Ole E. Barndorff-Nielsen and David G. Pollard and Neil Shephard},
  title = {Integer-valued {L}evy procces and low latency financial econometrics},
  note = {Working Paper},
  year = {2012},
  owner = {iba220},
  timestamp = {2014.03.14}
}

@ARTICLE{BauwensHautsch2006,
  author = {Luc Bauwens and Nikolaus Hautsch},
  title = {Stochastic {C}onditional {I}ntensity {P}rocess},
  journal = {Journal of Financial Econometrics},
  year = {2006},
  volume = {4},
  pages = {450-493},
  owner = {istvan},
  timestamp = {2014.06.13}
}

@UNPUBLISHED{Bos2008,
  author = {Charles Bos},
  title = {Model-based estimation of high frequency jump diffusions with microstructure
	noise and stochastic volatility},
  note = {TI Discussion Paper},
  year = {2008},
  owner = {istvan},
  timestamp = {2014.06.15}
}

@UNPUBLISHED{BoudtCornelissenPayseur,
  author = {Kris Boudt and Jonathan Cornelissen and Scott Payseur},
  title = {Highfrequency: {T}oolkit for the analysis of {H}ighfrequency financial
	data in {R}},
  year = {2012},
  owner = {iba220},
  timestamp = {2014.03.14}
}

@ARTICLE{BrownleesGallo2006,
  author = {Christian Brownlees and Giampiero Gallo},
  title = {Financial Econometrics analysis at ultra-high frequency: Data handling
	concerns},
  journal = {Compuational Statistics and Data Analysis},
  year = {2006},
  volume = {51},
  pages = {2232-2245},
  owner = {iba220},
  timestamp = {2014.03.14}
}

@ARTICLE{CentanniMinozzo2006a,
  author = {S. Centanni and M. Minozzo},
  title = {Estimation and {F}iltering by reversible jump {MCMC} for doubly stochastic
	{P}oisson model for ultra-high-frequency financial data},
  journal = {Statistical Modelling},
  year = {2006},
  volume = {6},
  pages = {97-118},
  owner = {istvan},
  timestamp = {2014.06.13}
}

@ARTICLE{CentanniMinozzo2006b,
  author = {S. Centanni and M. Minozzo},
  title = {Monte {C}arlo approach to filtering for a class of marked doubly
	stochastic poisson processes},
  journal = {Journal of the American Statistical Association},
  year = {2006},
  volume = {101},
  pages = {1582-1597},
  owner = {istvan},
  timestamp = {2014.06.13}
}

@ARTICLE{CWWanNess2004,
  author = {S. Chakravarty and R. A. Wood and R. A. Van Ness},
  title = {Decimals and liquidity: {A} study of the {NYSE}},
  journal = {Journal of Financial Research},
  year = {2004},
  volume = {27},
  pages = {75-94},
  owner = {istvan},
  timestamp = {2015.01.31}
}

@ARTICLE{ChenLiu2000,
  author = {Rong Chen and Jun S. Liu},
  title = {Mixture {K}alman filters},
  journal = {Journal of Royal Statistical Society},
  year = {2000},
  volume = {62},
  pages = {493-508},
  owner = {istvan},
  timestamp = {2014.05.07}
}

@ARTICLE{ChibNardariShephard2002,
  author = {S. Chib and F. Nardari and N. Shephard},
  title = {Markov {C}hain {M}onte {C}arlo for stochastic volatility models},
  journal = {Journal of Econometrics},
  year = {2002},
  volume = {108},
  pages = {281-316},
  owner = {istvan},
  timestamp = {2014.06.13}
}

@ARTICLE{ChordiaS1995,
  author = {T. Chordia and A. Subrahmanyam},
  title = {Market making, the tick size and payment-for-order-flow: {T}heory
	and evidence},
  journal = {Journal of Business},
  year = {1995},
  volume = {68},
  pages = {543-576},
  owner = {istvan},
  timestamp = {2015.01.31}
}

@ARTICLE{CordellaFoucault1999,
  author = {T. Cordella and T. Foucault},
  title = {Minimum price variations, time priority and quote dynamics},
  journal = {Journal of Financial Intermediation},
  year = {1999},
  volume = {8},
  pages = {141-173},
  owner = {istvan},
  timestamp = {2015.01.31}
}

@ARTICLE{CzadoHaug2010,
  author = {Clauida Czado and Stephan Haug},
  title = {An {ACD}-{ECOGARCH}(1,1) Model},
  journal = {Journal of Financial Econometrics},
  year = {2010},
  volume = {8},
  pages = {335-344},
  owner = {istvan},
  timestamp = {2014.06.13}
}

@ARTICLE{DahlhausNeddermeyer2014,
  author = {Ranier Dahlhaus and Jan C. Neddermeyer},
  title = {Online {S}pot {V}olatility-{E}stimation and {D}ecompostion with {N}onlinear
	{M}arket {M}icrostructure {N}oise {M}odels},
  journal = {Journal of Financial Econometrics},
  year = {2014},
  volume = {12},
  pages = {174-212},
  owner = {istvan},
  timestamp = {2014.06.13}
}

@UNPUBLISHED{DayriRosenbaum2013,
  author = {K. Dayri and M. Rosenbaum},
  title = {Large tick assets: implicit spread and optimal tick size},
  note = {Working paper},
  year = {2013},
  owner = {istvan},
  timestamp = {2015.01.31}
}

@BOOK{DurbinKoopman2012,
  title = {Time {S}eries {A}nalysis by {S}tate {S}pace {M}ethods},
  publisher = {Oxford University Press},
  year = {2012},
  author = {J. Durbin and S. J. Koopman},
  edition = {Second Edition},
  owner = {istvan},
  timestamp = {2015.02.06}
}

@ARTICLE{DurbinKoopman2002,
  author = {J. Durbin and S. J. Koopman},
  title = {A simple and efficient simulation smoother for state space time series
	analysis},
  journal = {Biometrika},
  year = {2002},
  volume = {89},
  pages = {603-616},
  owner = {istvan},
  timestamp = {2015.02.06}
}

@UNPUBLISHED{EislerBK2011,
  author = {Z. Eisler and J. P. Bouchaud and J. Kockelkoren},
  title = {The price impact of order book events: market orders, limit orders
	and cancellations},
  note = {Quantitative Finance, forthcoming},
  year = {2011},
  owner = {istvan},
  timestamp = {2015.01.30}
}

@ARTICLE{Engle2000,
  author = {Robert F. Engle},
  title = {The Econometrics of Ultra-High-Frequency Data},
  journal = {Econometrica},
  year = {2000},
  volume = {68},
  pages = {1-22},
  owner = {istvan},
  timestamp = {2014.11.11}
}

@ARTICLE{SFSFHeldRue2009,
  author = {Sylvia Fr{\"{u}}hwirth-Schnatter and Rudolf Fr{\"{u}}hwirth and Leonard
	Held and Harvard Rue},
  title = {Improved auxiliary mixture sampling for hierarchical models of non-{G}aussian
	data},
  journal = {Statistics and Computing},
  year = {2009},
  volume = {19},
  pages = {479-492},
  owner = {iba220},
  timestamp = {2014.03.14}
}

@ARTICLE{SFSWagner2008,
  author = {Sylvia Fr{\"{u}}hwirth-Schnatter and Helga Wagner},
  title = {Marginal likelihoods for non-{G}aussian models using auxiliary mixture
	sampling},
  journal = {Compuational Statistics and Data Analysis},
  year = {2008},
  volume = {52},
  pages = {4608-4624},
  owner = {iba220},
  timestamp = {2014.03.14}
}

@ARTICLE{SFSWagner2006,
  author = {Sylvia Fr{\"{u}}hwirth-Schnatter and Helga Wagner},
  title = {Auxiliary mixture sampling for parameter-driven models of time series
	of small counts with applications to state space modeling},
  journal = {Biometrika},
  year = {2006},
  volume = {93},
  pages = {827-841},
  owner = {iba220},
  timestamp = {2014.03.14}
}

@ARTICLE{GriffinOomen2008,
  author = {J. Griffin and R. Oomen},
  title = {Sampling retruns for realized varaiance calculations: tick time or
	transaction time?},
  journal = {Econometric Reviews},
  year = {2008},
  volume = {27},
  pages = {230-253},
  owner = {istvan},
  timestamp = {2015.01.30}
}

@ARTICLE{Harris1994,
  author = {L. E. Harris},
  title = {Minimum {P}rice {V}ariations, {D}iscrete {B}id-{A}sk {S}preads, and
	{Q}uotation {S}izes},
  journal = {The Review of Financial Studies},
  year = {1994},
  volume = {7},
  pages = {149-178},
  owner = {istvan},
  timestamp = {2015.01.30}
}

@BOOK{Hilbe2007,
  title = {Negative {B}inomial {R}egression},
  publisher = {Cambridge University Press},
  year = {2007},
  author = {J. M. Hilbe},
  owner = {iba220},
  timestamp = {2014.03.14}
}

@BOOK{JohnsonKempKotz2005,
  title = {Univariate {D}iscrete {D}istributions},
  publisher = {John Wiley and Sons},
  year = {2005},
  author = {N. L. Johnson and A. W. Kemp and Samuel Kotz },
  edition = {Third Edition}
}

@ARTICLE{KimShephardChib1998,
  author = {S. Kim and N. Shephard and S. Chib},
  title = {Stochastic volatility: {L}ikelihood inference and comparison with
	{ARCH} models},
  journal = {Review of Economic Studies},
  year = {1998},
  volume = {65},
  pages = {361-393},
  owner = {istvan},
  timestamp = {2014.06.13}
}

@UNPUBLISHED{KoopmanLucasLit2014,
  author = {Siem Jan Koopman and Rutger Lit and Andre Lucas},
  title = {The {D}ynamic {S}kellam {M}odel with {A}pplications},
  note = {TI Discussion Paper},
  year = {2014},
  owner = {istvan},
  timestamp = {2014.06.13}
}

@UNPUBLISHED{MullerCzado2006,
  author = {G. J. M{\"u}ller and C. Czado},
  title = {Stochastic volatility models for ordinal valued time series with
	application to finance},
  note = {Discussion paper},
  year = {2006},
  owner = {istvan},
  timestamp = {2015.01.30}
}

@ARTICLE{Munnix2010,
  author = {Michael C. M{\"u}nnix and Rudi Sch{\"a}fer and Thomas Guhr},
  title = {Impact of the tick-size on financial returns and correlations},
  journal = {Physica A: Statistical Mechanics and its Applications},
  year = {2010},
  volume = {389},
  pages = {4828-4843},
  number = {21},
  owner = {istvan},
  timestamp = {2014.08.31}
}

@ARTICLE{NealRao2007,
  author = {Peter Neal and T. Subba Rao},
  title = {M{CMC} for {I}nteger-{V}alued {ARMA} processes},
  journal = {Journal of Time Series Analysis},
  year = {2007},
  volume = {28},
  pages = {92-110},
  owner = {iba220},
  timestamp = {2014.03.31}
}

@UNPUBLISHED{OHaraSaarZhong2014,
  author = {M. O'Hara and G. Saar and Zhuo Zhong},
  title = {Relative {T}ick {S}ize and the {T}rading {E}nvironment},
  note = {Working paper},
  year = {2014},
  owner = {istvan},
  timestamp = {2015.01.31}
}

@ARTICLE{OmoriChibShephardNakajima2007,
  author = {Y. Omori and S. Chib and N. Shephard and J. Nakajima},
  title = {Stochastic volatility with leverage: fast likelihood inference},
  journal = {Journal of Econometrics},
  year = {2007},
  volume = {140},
  pages = {425-449},
  owner = {istvan},
  timestamp = {2014.06.13}
}

@ARTICLE{Poirier1973,
  author = {Dale J. Poirier},
  title = {Piecewise {R}egression {U}sing {C}ubic {S}plines},
  journal = {Journal of the American Statistical Association},
  year = {1973},
  volume = {68},
  pages = {515-524},
  owner = {istvan},
  timestamp = {2014.06.18}
}

@ARTICLE{RobertsRosenthal2009,
  author = {G. O. Roberts and J. S. Rosenthal},
  title = {Examples of adaptive {MCMC}},
  journal = {Journal of Computational and Graphical Statistics},
  year = {2009},
  volume = {18},
  pages = {349-367},
  owner = {istvan},
  timestamp = {2015.02.06}
}

@ARTICLE{RonenWeaver2001,
  author = {T. Ronen and D. G. Weaver},
  title = {"Teenies" anyone?},
  journal = {Journal of Financial Markets},
  year = {2001},
  volume = {4},
  pages = {231-260},
  owner = {istvan},
  timestamp = {2015.01.31}
}

@ARTICLE{RydbergShephard2003,
  author = {Tina H. Rydberg and Neil Shephard},
  title = {Dynamics of Trade-by-Trade Price Movements: Decomposition and Models},
  journal = {Journal of Financial Econometrics},
  year = {2003},
  volume = {1},
  pages = {2-25},
  owner = {istvan},
  timestamp = {2014.11.11}
}

@UNPUBLISHED{SEC2012,
  author = {SEC},
  title = {Report to {C}ongress on {D}ecimalization},
  note = {US Securities and Exchange Commision report},
  year = {2012},
  owner = {istvan},
  timestamp = {2015.01.31}
}

@ARTICLE{Skellam(46),
  author = {Skellam, J.~G.},
  title = {The frequency distribution of the difference between two \uppercase{P}oisson
	variates belonging to different populations},
  journal = {Journal of the Royal Statistical Society},
  year = {1946},
  volume = {109(3)},
  pages = {296}
}

@UNPUBLISHED{Stefanos2015,
  author = {Dimitrakopoulos Stefanos},
  title = {Bayesian inference for ordinal-response state space mixed models
	with stochastic volatility},
  note = {Working paper},
  year = {2015},
  owner = {istvan},
  timestamp = {2015.01.30}
}

@UNPUBLISHED{JohannesStroud2014,
  author = {Jonathan R. Stroud and Michael S. Johannes},
  title = {Bayesian modeling and forecasting of 24-hour high-frequency volatility:
	{A} case study of the financial crisis},
  year = {2014},
  owner = {iba220},
  timestamp = {2014.03.14}
}

@ARTICLE{WeinbergBrownStroud2007,
  author = {J. Weinberg and L. D. Brown and J, R. Stroud},
  title = {Bayesian forecasting of an imhomogenous {P}oisson process with application
	to call center data},
  journal = {Journal of the American Statistical Association},
  year = {2007},
  volume = {102},
  pages = {1185-1199},
  owner = {istvan},
  timestamp = {2014.06.15}
}

@UNPUBLISHED{YeYao2014,
  author = {M. Ye and C. Yao},
  title = {Tick {S}ize {C}onstrains, {M}arket {S}tructure, and {L}iquidity},
  note = {Working paper},
  year = {2014},
  owner = {istvan},
  timestamp = {2015.01.30}
}

@comment{jabref-meta: selector_keywords:}

@comment{jabref-meta: selector_journal:}

@comment{jabref-meta: selector_publisher:}

@comment{jabref-meta: selector_author:}

@comment{jabref-meta: selector_review:}

